<record xmlns='http://www.loc.gov/MARC21/slim'><leader>01102cam a2200325 a 4500</leader><controlfield tag='001'>9992320213506421</controlfield><controlfield tag='005'>20201006134116.0</controlfield><controlfield tag='008'>150415s2015    enka     b    001 0 eng d</controlfield><datafield ind1=' ' ind2=' ' tag='010'><subfield code='a'>  2015939044</subfield></datafield><datafield ind1=' ' ind2=' ' tag='020'><subfield code='a'>0198746857</subfield></datafield><datafield ind1=' ' ind2=' ' tag='020'><subfield code='a'>9780198746850</subfield></datafield><datafield ind1=' ' ind2=' ' tag='035'><subfield code='a'>(OCoLC)907446188</subfield></datafield><datafield ind1=' ' ind2=' ' tag='035'><subfield code='a'>(OCoLC)ocn907446188</subfield></datafield><datafield ind1=' ' ind2=' ' tag='035'><subfield code='a'>9232021</subfield></datafield><datafield ind1=' ' ind2=' ' tag='035'><subfield code='a'>(NjP)9232021-princetondb</subfield></datafield><datafield ind1=' ' ind2=' ' tag='040'><subfield code='a'>YDXCP</subfield><subfield code='b'>eng</subfield><subfield code='c'>YDXCP</subfield><subfield code='d'>BTCTA</subfield><subfield code='d'>BDX</subfield><subfield code='d'>OCLCQ</subfield><subfield code='d'>CDX</subfield><subfield code='d'>OCLCO</subfield></datafield><datafield ind1=' ' ind2='4' tag='050'><subfield code='a'>QC7</subfield><subfield code='b'>.H35 2015</subfield></datafield><datafield ind1='0' ind2='4' tag='082'><subfield code='a'>530/.09</subfield><subfield code='2'>23</subfield></datafield><datafield ind1='1' ind2=' ' tag='100'><subfield code='a'>Heilbron, J. L.,</subfield><subfield code='e'>author.</subfield><subfield code='0'>http://id.loc.gov/authorities/names/n79006489</subfield></datafield><datafield ind1='1' ind2='0' tag='245'><subfield code='a'>Physics :</subfield><subfield code='b'>a short history from quintessence to quarks /</subfield><subfield code='c'>J.L. Heilbron.</subfield></datafield><datafield ind1=' ' ind2=' ' tag='250'><subfield code='a'>First edition.</subfield></datafield><datafield ind1=' ' ind2=' ' tag='260'><subfield code='a'>Oxford ;</subfield><subfield code='a'>New York :</subfield><subfield code='b'>Oxford University Press,</subfield><subfield code='c'>2015.</subfield></datafield><datafield ind1=' ' ind2=' ' tag='300'><subfield code='a'>ix, 228 pages :</subfield><subfield code='b'>illustrations ;</subfield><subfield code='c'>21 cm</subfield></datafield><datafield ind1=' ' ind2=' ' tag='336'><subfield code='a'>text</subfield><subfield code='2'>rdacontent</subfield></datafield><datafield ind1=' ' ind2=' ' tag='337'><subfield code='a'>unmediated</subfield><subfield code='2'>rdamedia</subfield></datafield><datafield ind1=' ' ind2=' ' tag='338'><subfield code='a'>volume</subfield><subfield code='2'>rdacarrier</subfield></datafield><datafield ind1=' ' ind2=' ' tag='504'><subfield code='a'>Includes bibliographical references (pages 209-213) and index.</subfield></datafield><datafield ind1=' ' ind2='0' tag='650'><subfield code='a'>Physics</subfield><subfield code='x'>History.</subfield></datafield><datafield ind1='0' ind2=' ' tag='852'><subfield code='b'>f</subfield><subfield code='h'>QC7</subfield><subfield code='i'>.H35 2015</subfield></datafield><datafield ind1=' ' ind2=' ' tag='904'><subfield code='a'>cjf</subfield><subfield code='b'>o</subfield><subfield code='h'>m</subfield><subfield code='c'>b</subfield><subfield code='e'>20151103</subfield></datafield><datafield ind1=' ' ind2=' ' tag='902'><subfield code='a'>dls</subfield><subfield code='b'>l</subfield><subfield code='6'>a</subfield><subfield code='7'>m</subfield><subfield code='d'>v</subfield><subfield code='f'>1</subfield><subfield code='e'>20151214</subfield></datafield><datafield ind1=' ' ind2=' ' tag='INT'><subfield code='a'>P</subfield></datafield><datafield ind1=' ' ind2=' ' tag='INST'><subfield code='a'>01PRI_INST</subfield></datafield><datafield ind1=' ' ind2=' ' tag='AVA'><subfield code='0'>9992320213506421</subfield><subfield code='8'>22188107090006421</subfield><subfield code='a'>01PRI_INST</subfield><subfield code='b'>firestone</subfield><subfield code='c'>Stacks</subfield><subfield code='d'>QC7 .H35 2015</subfield><subfield code='e'>available</subfield><subfield code='f'>1</subfield><subfield code='g'>0</subfield><subfield code='j'>stacks</subfield><subfield code='k'>0</subfield><subfield code='p'>1</subfield><subfield code='q'>Firestone Library</subfield></datafield><datafield ind1=' ' ind2=' ' tag='AVA'><subfield code='0'>9992320213506421</subfield><subfield code='8'>22188107110006421</subfield><subfield code='a'>01PRI_INST</subfield><subfield code='b'>lewis</subfield><subfield code='c'>Stacks</subfield><subfield code='d'>QC7 .H35 2015</subfield><subfield code='e'>available</subfield><subfield code='f'>1</subfield><subfield code='g'>0</subfield><subfield code='j'>stacks</subfield><subfield code='k'>0</subfield><subfield code='p'>2</subfield><subfield code='q'>Lewis Library</subfield></datafield></record>